@misc{ Nobody06,
    author = "Nobody Jr",
    title = "My Original Article",
    year = "2006"
}
